@article{LawLee1998,
  title={Searching the world wide web},
  author={Lawrence, Steve and Giles, C Lee},
  journal={Science},
  volume={280},
  number={5360},
  pages={98--100},
  year={1998},
  publisher={American Association for the Advancement of Science}
}
