@article{LawLee1998,
  title={Searching the world wide web},
  author={Lawrence, Steve and Giles, C Lee},
  journal={Science},
  volume={280},
  number={5360},
  pages={98--100},
  year={1998},
  publisher={American Association for the Advancement of Science}
}

@article{Gulli2005,
  title={The indexable web is more than 11.5 billion pages},
  author={A. Gulli, A. Signorini},
  journal={Science},
  pages={902-903},
  year={2005},
  publisher={WWW '05 14th international conference on World Wide Web}
}

@article{Murray2000,
  title={Sizing the Internet},
  author={Brian H. Murray, Alvin Moore},
  journal={Science},
  year={2000},
  publisher={Cy-veillance NetSapien Technology study}
}
